@book{Muster.2024,
 author = {Muster, M},
 title = {Content Book with all knowledge available, ever!},
 year = {2024},
 publisher = {humanity}
}